[gd_scene load_steps=9 format=2]

[ext_resource path="res://Enemy/guardSpritesheet.png" type="Texture" id=1]
[ext_resource path="res://Enemy/Guard.gd" type="Script" id=2]
[ext_resource path="res://Boxes/SoftCollision.tscn" type="PackedScene" id=3]
[ext_resource path="res://Boxes/HurtBox.tscn" type="PackedScene" id=4]

[sub_resource type="CapsuleShape2D" id=1]
radius = 53.9628
height = 56.3155

[sub_resource type="CapsuleShape2D" id=2]
radius = 48.8653
height = 101.733

[sub_resource type="CircleShape2D" id=3]
radius = 87.9316

[sub_resource type="CircleShape2D" id=4]
radius = 1009.04

[node name="Guard" type="KinematicBody2D"]
position = Vector2( 1, 0 )
collision_layer = 4
script = ExtResource( 2 )
MAX_SPEED = 600
POSSESSION_TIME = 3
reload_time = 1

[node name="Sprite" type="Sprite" parent="."]
position = Vector2( 49.9802, 1.52588e-05 )
texture = ExtResource( 1 )
vframes = 2
hframes = 2

[node name="CollisionShape2D" type="CollisionShape2D" parent="."]
modulate = Color( 0.811765, 0.168627, 0.968627, 1 )
position = Vector2( -16, 0 )
shape = SubResource( 1 )

[node name="HurtBox" parent="." instance=ExtResource( 4 )]
collision_layer = 0
collision_mask = 32

[node name="CollisionShape2D" parent="HurtBox" index="0"]
position = Vector2( -16.379, -7.55951 )
shape = SubResource( 2 )

[node name="SoftCollision" parent="." instance=ExtResource( 3 )]
collision_layer = 128
collision_mask = 128

[node name="CollisionShape2D" parent="SoftCollision" index="0"]
shape = SubResource( 3 )

[node name="FireDetection" type="Area2D" parent="."]
collision_layer = 0
collision_mask = 2

[node name="CollisionShape2D" type="CollisionShape2D" parent="FireDetection"]
modulate = Color( 0.882353, 0.796078, 0.796078, 0.47451 )
shape = SubResource( 4 )

[node name="ReloadTimer" type="Timer" parent="."]
one_shot = true

[node name="PossessedTimer" type="Timer" parent="."]
one_shot = true
[connection signal="area_entered" from="HurtBox" to="." method="_on_HurtBox_area_entered"]
[connection signal="body_entered" from="FireDetection" to="." method="_on_FireDetection_body_entered"]
[connection signal="body_exited" from="FireDetection" to="." method="_on_FireDetection_body_exited"]
[connection signal="timeout" from="ReloadTimer" to="." method="_on_Timer_timeout"]
[connection signal="timeout" from="PossessedTimer" to="." method="_on_PossessedTimer_timeout"]

[editable path="HurtBox"]

[editable path="SoftCollision"]
